@book{Ausubel1980,
  title={Psicologia educacional},
  author={Ausubel, D. P. and Novak, J. D. and Hanesian, H.},
  isbn={9788520100844},
  year={1980},
  publisher={Interamericana}
}
@book{Bourque2014,
  title = {{Guide to the Software Engineering Body of Knowledge (SWEBOK(R)): Version 3.0}},
  author = {Bourque, Pierre and Fairley, Richard E. and IEEE Computer Society},
  year = 2014,
  publisher = {IEEE Computer Society Press},
  address = {Washington, DC, USA},
  edition = {3rd}
}
@inproceedings{Castrillo2014,
  title = {{Mobile-based chatting for meaning negotiation in foreign language learning}},
  author = {Castrillo, M. Dolores and Mart{\'\i}n-Monje, Elena and B{\'a}rcena, Elena},
  year = 2014,
  booktitle = {Proceedings of the 10\textsuperscript{th} International Conference on Mobile Learning (ML)},
  address = {Madrid, ES},
  pages = {49--59}
}
@book{Duke2009,
  title = {{The Everything Sign Language Book: American Sign Language Made Easy}},
  author = {Duke, Irene},
  year = 2009,
  publisher = {Adams Media Corporation},
  address = {Avon, MA}
}
@book{Gardner1995,
  title={Intelig{\^e}ncias m{\'u}ltiplas: a teoria na pr{\'a}tica},
  author={Gardner, H.},
  isbn={9788573074130},
  year={1995},
  publisher={Artmed}
}
@misc{ONU2019,
  title = {{International Day of Sign Languages}},
  author = {ONU},
  year = 2019,
  publisher = {Organização das Nações Unidas (ONU)},
  url = {https://bit.ly/347MwZO},
  urlaccessdate = {02/12/2020}
}
@misc{OMS2018,
  title = {{Global Estimates on Prevalence of Hearing Loss}},
  author = {OMS},
  year = 2018,
  publisher = {Organização Mundial de Saúde (OMS)},
  url = {https://bit.ly/3g5Of6t},
  urlaccessdate = {02/12/2020}
}
@misc{Itu2019a,
  title = {{Report on the implementation of the Strategic Plan and the activities of the Union for 2018-2019}},
  author = {ITU},
  year = 2019,
  booktitle = {ITU Annual Progress Report 2018},
  publisher = {International Telecommunication Union (ITU)},
  url = {https://bit.ly/2UF6Q1o},
  urlaccessdate = {02/12/2020}
}
@misc{Itu2019b,
  title = {{Measuring digital development}},
  author = {ITU},
  year = 2019,
  booktitle = {ITU Facts and figures 2019},
  publisher = {International Telecommunication Union (ITU)},
  url = {https://bit.ly/3aHBbC1},
  urlaccessdate = {02/12/2020}
}
@misc{Itu2020,
  title = {{Measuring digital development}},
  author = {ITU},
  year = 2020,
  booktitle = {ITU Facts and figures 2020},
  publisher = {International Telecommunication Union (ITU)},
  url = {https://bit.ly/2IkMzLm},
  urlaccessdate = {06/12/2020}
}
@misc{IBGE2010,
  title = {{Conheça o Brasil - População: Pessoas com Deficiência}},
  author = {IBGE},
  year = 2010,
  url = {https://bit.ly/2Zf79lV},
  institution = {Instituto Brasileiro de Geografia e Estatística (IBGE)},
  urlaccessdate = {02/12/2020}
}
@misc{Kitchenham2007,
  title = {{Guidelines for performing Systematic Literature Reviews in Software Engineering}},
  author = {B. Kitchenham and S Charters},
  year = 2007,
  urlaccessdate = {02/12/2020}
}
@book{Kitchenham2015,
  title = {{Evidence-Based Software Engineering and Systematic Reviews}},
  author = {Kitchenham, Barbara Ann and Budgen, David and Brereton, Pearl},
  year = 2015,
  publisher = {Chapman \& Hall/CRC}
}
@book{Kukulska2005,
  title = {{Mobile learning: A handbook for educators and trainers}},
  author = {Kukulska-Hulme, Agnes and Traxler, John},
  year = 2005,
  publisher = {Psychology Press}
}
@book{Mizukami1986,
  title={Ensino: As abordagens do processo},
  author={Mizukami, Maria da Gra{\c{c}}a Nicoletti},
  isbn={9788512303505},
  year={1986},
  publisher={LTC -- Livros Técnicos e Científicos Editora}
}
@misc{Napier2019,
  title = {{WFD Position Paper on Accessibility: Sign Language Interpreting and translation and technological developments}},
  author = {Jemina Napier and Maya De Wit},
  year = 2019,
  url = {https://bit.ly/36rwhYP},
  institution = {World Federation of the Deaf},
  urlaccessdate = {02/12/2020}
}
@inproceedings{Petersen2008,
  title = {{Systematic Mapping Studies in Software Engineering}},
  author = {Petersen, Kai and Feldt, Robert and Mujtaba, Shahid and Mattsson, Michael},
  year = 2008,
  booktitle = {Proceedings of the 12th International Conference on Evaluation and Assessment in Software Engineering},
  location = {Italy},
  publisher = {BCS Learning \& Development Ltd.},
  address = {Swindon, GBR},
  series = {EASE’08},
  pages = {68–77},
  numpages = 10,
  keywords = {systematic reviews, evidence based software engineering, systematic mapping studies}
}
@article{Petersen2015,
  title = {{Guidelines for conducting systematic mapping studies in software engineering: An update}},
  author = {Kai Petersen and Sairam Vakkalanka and Ludwik Kuzniarz},
  year = 2015,
  journal = {Information and Software Technology},
  volume = 64,
  pages = {1--18},
  doi = {https://doi.org/10.1016/j.infsof.2015.03.007},
  issn = {0950-5849},
  url = {http://www.sciencedirect.com/science/article/pii/S0950584915000646},
  keywords = {Systematic mapping studies, Software engineering, Guidelines}
}
@inproceedings{Radermacher2013,
  title = {{Gaps between Industry Expectations and the Abilities of Graduates}},
  author = {Radermacher, Alex and Walia, Gursimran},
  year = 2013,
  booktitle = {Proceeding of the 44th ACM Technical Symposium on Computer Science Education},
  location = {Denver, Colorado, USA},
  publisher = {Association for Computing Machinery},
  address = {New York, NY, USA},
  series = {SIGCSE ’13},
  pages = {525–530},
  numpages = 6,
  keywords = {knowledge deficiency, systematic literature review}
}
@inproceedings{Scatalon2019,
  title = {{Software Testing in Introductory Programming Courses: A Systematic Mapping Study}},
  author = {Scatalon, Lilian Passos and Carver, Jeffrey C. and Garcia, Rog\'{e}rio Eduardo and Barbosa, Ellen Francine},
  year = 2019,
  booktitle = {Proceedings of the 50th ACM Technical Symposium on Computer Science Education},
  location = {Minneapolis, MN, USA},
  publisher = {Association for Computing Machinery},
  address = {New York, NY, USA},
  series = {SIGCSE ’19},
  pages = {421–427},
  numpages = 7,
  keywords = {software testing, introductory programming courses, systematic mapping}
}
@misc{Snoddon2018,
  title = {{WFD Position Paper on Inclusive Education}},
  author = {Kristin Snoddon},
  year = 2018,
  url = {https://bit.ly/3ebroWg},
  institution = {World Federation of the Deaf},
  urlaccessdate = {02/12/2020}
}
@misc{UNESCO2002,
  title = {{Forum on the Impact of Open Courseware for Higher Education in Developing Countries}},
  author = {UNESCO},
  year = 2002,
  url = {https://unesdoc.unesco.org/ark:/48223/pf0000128515.locale=en},
  institution = {Organização das Nações Unidas para a Educação, a Ciência e a Cultura (UNESCO)},
  urlaccessdate = {24/12/2020}
}
@book{Wohlin2012,
  title = {{Experimentation in Software Engineering}},
  author = {Wohlin, Claes and Runeson, Per and Hst, Martin and Ohlsson, Magnus C. and Regnell, Bjrn and Wessln, Anders},
  year = 2012,
  publisher = {Springer Publishing Company, Incorporated}
}
@inproceedings{Wohlin2014,
  title = {{Guidelines for Snowballing in Systematic Literature Studies and a Replication in Software Engineering}},
  author = {Wohlin, Claes},
  year = 2014,
  booktitle = {Proceedings of the 18th International Conference on Evaluation and Assessment in Software Engineering},
  location = {London, England, United Kingdom},
  publisher = {Association for Computing Machinery},
  address = {New York, NY, USA},
  series = {EASE ’14},
  articleno = {Article 38},
  numpages = 10,
  keywords = {snowball search, snowballing, systematic literature review, replication, systematic mapping studies}
}
@article{Zhang2011,
  title = {{Identifying relevant studies in software engineering}},
  author = {He Zhang and Muhammad Ali Babar and Paolo Tell},
  year = 2011,
  journal = {Information and Software Technology},
  volume = 53,
  number = 6,
  pages = {625--637},
  doi = {https://doi.org/10.1016/j.infsof.2010.12.010},
  issn = {0950-5849},
  note = {Special Section: Best papers from the APSEC},
  keywords = {Search strategy, Quasi-gold standard, Systematic literature review, Evidence-based software engineering}
}
@article{Nakagawa2010,
  title = {{Using systematic mapping to explore software architecture knowledge}},
  author = {Nakagawa, Elisa and Feitosa, Daniel and Felizardo, Katia},
  year = 2010,
  journal = {Proceedings - International Conference on Software Engineering}
}
@book{Petticrew2008,
  title = {{Systematic reviews in the social sciences: A practical guide}},
  author = {Petticrew, Mark and Roberts, Helen},
  year = 2008,
  publisher = {John Wiley \& Sons}
}
@article{Felizardo2012,
  title = {{A Systematic Mapping on the use of Visual Data Mining to Support the Conduct of Systematic Literature Reviews}},
  author = {Felizardo, Katia and MacDonell, Stephen and Mendes, Emilia and Maldonado, José},
  year = 2012,
  month = {02},
  journal = {Journal of Software},
  volume = 7,
  pages = {TBC}
}
@inproceedings{Svetlana2009,
  title = {{Adaptation e-Learning Contents in Mobile Environment}},
  author = {Svetlana, Kim and Yonglk-Yoon},
  year = 2009,
  booktitle = {Proceedings of the 2Nd International Conference on Interaction Sciences: Information Technology, Culture and Human},
  location = {Seoul, Korea},
  publisher = {ACM},
  series = {ICIS '09},
  pages = {474--479},
  numpages = 6
}
@techreport{Omalley2003,
  title = {{Guidelines for learning/teaching/tutoring in a mobile environment. Mobilearn project deliverable}},
  author = {O’Malley, C and Vavoula, G and Glew, J and Taylor, J and Sharples, M and Lefrere, P},
  year = 2003,
  institution = {MOBIlearn/UoN/UoB/OU}
}
@book{West2013,
  title = {{UNESCO policy guidelines for mobile learning}},
  author = {West, Mark and Vosloo, Steven},
  year = 2013,
  publisher = {Organização das Nações Unidas para a Educação, a Ciência e a Cultura (UNESCO)},
  url = {https://unesdoc.unesco.org/ark:/48223/pf0000219641}
}
@book{Dias2016,
  title = {{Internet das Coisas sem mist{\'e}rios}},
  author = {Dias, Renata Rampim de Freitas},
  year = 2016,
  publisher = {Netpress Books}
}
@book{Cilli2017,
  title = {{A Tecnologia da Informação e Comunicação nas Práticas Educacionais}},
  author = {Thais Cilli and Carlos Vital Giordano and Celi Langhi and Arlindo Soares de Albergaria Henriques da Silva Junior and Evelin Finke Croce and Gaio Belitardo de Oliveira and Isabel Domingues and Luciane da Silveira Pinto and Sandra Matos},
  year = 2017,
  publisher = {Edição Independente},
  address = {São Paulo--SP},
  addendum = {Kindle Edition}
}
@phdthesis{Fielding2000,
  title = {{Architectural styles and the design of network-based software architectures}},
  author = {Fielding, Roy Thomas},
  year = 2000,
  school = {University of California, Irvine, CA}
}
@book{Pressman2016,
  title = {{Engenharia de Software -- 8ª Edição}},
  author = {Pressman, R. S. and Maxim, B.},
  year = 2016,
  publisher = {McGraw Hill Brasil}
}
@book{Sommerville2015,
  title = {{Software Engineering}},
  author = {Sommerville, I.},
  year = 2015,
  publisher = {Pearson Education}
}
@book{Gil2016,
  title = {{Como elaborar projetos de pesquisa -- 6ª Edição}},
  author = {Gil, Antonio Carlos},
  year = 2016,
  publisher = {Editora Atlas Ltda.}
}
@book{Honora2017,
  title = {{Livro Ilustrado de Língua Brasileira de Sinais -- Desvendando a comunicação usada pelas pessoas com surdez}},
  author = {Honora, Márcia and Frizanco, Mary Lopes Esteves},
  year = 2017,
  publisher = {Ciranda Cultural}
}
@book{Quadros2019,
  title = {{LIBRAS -- Línguítica para o Ensino Superior}},
  author = {de Quadros, R. M.},
  year = 2019,
  publisher = {Parábola Editorial}
}
@book{Quadros2004,
  title = {{L{\'\i}ngua de sinais brasileira: estudos ling{\"u}{\'\i}sticos}},
  author = {de Quadros, R. M. and Karnopp, L.B.},
  year = 2004,
  publisher = {Artmed Editora},
  series = {Biblioteca Artmed}
}
@book{Gesser2009,
  title = {{Libras? Que língua é essa? Crenças e preconceitos em torno da língua de sinais e da realidade surda}},
  author = {Gesser, Audrei},
  year = 2009,
  publisher = {Parábola Editorial}
}
@misc{Cristiano2020,
  title = {{O que é Libras?}},
  author = {Almir Cristiano},
  year = 2020,
  url = {https://www.libras.com.br/o-que-e-libras},
  urlaccessdate = {02/12/2020}
}
@mastersthesis{Oliveira2016,
  title = {{Recursos de Tecnologia Assistiva Digital Para Pessoas Com Deficiência Sensorial: Uma Análise na Perspectiva Educacional}},
  author = {Camila Dias de Oliveira},
  year = 2016,
  school = {Universidade Federal de São Carlos (UFSCar)}
}
@book{Almeida2015,
  title = {{Educação de surdos: formação, estratégias e prática docente}},
  author = {Wolney Gomes Almeida},
  year = 2015,
  publisher = {Editus -- Editora da Uesc}
}
@misc{UNESCO1994,
  title = {{Declaração de Salamanca sobre Princípios, Política e Práticas na Área das Necessidades Educativas Especiais}},
  author = {UNESCO}, 
  institution = {Organização das Nações Unidas para a Educação, a Ciência e a Cultura (UNESCO)},
  year = 1994,
  url = {https://unesdoc.unesco.org/ark:/48223/pf0000139394},
  urlaccessdate = {04/12/2020}
}
@book{Sampaio2009,
  title = {{Educação inclusiva: o professor mediando para a vida}},
  author = {Cristiane T. Sampaio and Sônia Maria R. Sampaio},
  year = 2009,
  publisher = {EDUFBA}
}
@book{David2015,
  title = {{Desafios contemporâneos da educação}},
  author = {Célia Maria David and Hilda Maria Gonçalves da Silva and Ricardo Ribeiro and Sebastião de Souza Lemes},
  year = 2015,
  publisher = {Cultura Acadêmica}
}
@misc{Alana2019,
  title = {{O que a população brasileira pensa sobre educação inclusiva}},
  author = {Bel Rodrigues and Carolina Pasquali and Erika Pisaneschi},
  year = 2019,
  url = {https://bit.ly/3qujRsD},
  urlaccessdate = {05/12/2020}
}
@book{Quadros2017,
  title = {{Língua de Herança: Língua Brasileira de Sinais}},
  author = {de Quadros, R. M.},
  year = 2017,
  publisher = {Penso Editora}
}
@techreport{Bersch2017,
  title = {{Introdução à Tecnologia Assistiva}},
  author = {Rita Bersch},
  year = 2017,
  url = {https://bit.ly/3otBkiY},
  institution = {Assistiva - Tecnologia e Educação},
  urlaccessdate = {06/12/2020}
}
@book{Cook2015,
  title = {{Assistive Technologies: Principles and Practice}},
  author = {Cook, A.M. and Polgar, J.M.},
  year = 2015,
  publisher = {Elsevier/Mosby},
  isbn = 9780323096317,
  url = {https://books.google.com.br/books?id=vlSFoAEACAAJ},
  lccn = 2014039969
}
@techreport{Cat2008,
  title = {{Tecnologia Assistiva}},
  author = {CAT},
  year = 2008,
  url = {https://bit.ly/3qxq8Un},
  institution = {Comitê de Ajudas Técnicas (CAT)},
  urlaccessdate = {06/12/2020}
}
% Estudos primários do MS discutidos em texto:
@article{INT47,
  title = {{Signing avatars: making education more inclusive}},
  author = {De Martino, Jose Mario and Silva, Ivani Rodrigues and Bolognini, Carmen Zink and Costa, Paula Dornhofer Paro and Kumada, Kate Mamhy Oliveira and Coradine, Luis Claudius and Brito, Patrick Henrique da Silva and do Amaral, Wanessa Machado and Benetti, Angelo Brandao and Poeta, Enzo Telles and Angare, Leandro Martin Guertzenstein and Ferreira, Carolina Monteiro and De Conti, Davi Faria},
  year = 2017,
  month = aug,
  journal = {Universal Access in the Information Society},
  volume = 16,
  number = 3,
  pages = {793--808},
  issn = {1615-5289, 1615-5297}
}
@inproceedings{INT53,
  title = {{Learning a Physical Skill via a Computer: A Case Study Exploring Australian Sign Language}},
  author = {Ellis, Kirsten and Ray, Neil and Howard, Cheryl},
  year = 2011,
  booktitle = {Proceedings of the 23rd Australian Computer-Human Interaction Conference},
  location = {Canberra, Australia},
  publisher = {Association for Computing Machinery},
  address = {New York, NY, USA},
  series = {OzCHI ’11},
  pages = {98–103},
  numpages = 6
}
@inproceedings{INT56,
  title = {{Educational Content Using Blind/Deaf Communications API}},
  author = {Escudeiro, Paula and Marques, Bertil and Carvalho, Piedade and Barata, Ana and Queir\'{o}s, Patr\'{\i}cia and Sousa, Ana de and Dias, Carlos and Rocha, Emanuel and Ulisses, Jo\~{a}o},
  year = 2018,
  booktitle = {Proceedings of the Sixth International Conference on Technological Ecosystems for Enhancing Multiculturality},
  location = {Salamanca, Spain},
  publisher = {Association for Computing Machinery},
  address = {New York, NY, USA},
  series = {TEEM’18},
  pages = {100–104},
  numpages = 5
}
@article{INT73,
  title = {{SignQuiz: A Quiz Based Tool for Learning Fingerspelled Signs in Indian Sign Language Using ASLR}},
  author = {J. {Joy} and K. {Balakrishnan} and M. {Sreeraj}},
  year = 2019,
  journal = {IEEE Access},
  volume = 7,
  pages = {28363--28371},
  issn = {2169-3536}
}
@article{INT79,
  title = {{Sign Language Unification: The Need for Next Generation Deaf Education}},
  author = {Vinay K. Kumar and R.H. Goudar and V.T. Desai},
  year = 2015,
  journal = {Procedia Computer Science},
  volume = 48,
  pages = {673--678},
  issn = {1877-0509},
  note = {International Conference on Computer, Communication and Convergence (ICCC 2015)}
}
@article{INT86,
  title = {{Automated {3D} sign language caption generation for video}},
  author = {Mehta, Nayan and Pai, Suraj and Singh, Sanjay},
  year = 2019,
  month = jul,
  journal = {Universal Access in the Information Society},
  issn = {1615-5289, 1615-5297}
}
@inproceedings{INT88,
  title = {{The Use of Smart Glasses for Lecture Comprehension by Deaf and Hard of Hearing Students}},
  author = {Miller, Ashley and Malasig, Joan and Castro, Brenda and Hanson, Vicki L. and Nicolau, Hugo and Brand\~{a}o, Alessandra},
  year = 2017,
  booktitle = {Proceedings of the 2017 CHI Conference Extended Abstracts on Human Factors in Computing Systems},
  location = {Denver, Colorado, USA},
  publisher = {Association for Computing Machinery},
  address = {New York, NY, USA},
  series = {CHI EA ’17},
  pages = {1909–1915},
  numpages = 7
}
@article{INT109,
  title = {{An educational game to teach numbers in Brazilian Sign Language while having fun}},
  author = {Herleson Paiva Pontes and João Batista Furlan Duarte and Plácido Rogério Pinheiro},
  year = 2018,
  journal = {Computers in Human Behavior},
  pages = 105825,
  issn = {0747-5632}
}
@article{BRA23,
  title = {{LibrasBot: Um Recurso Educacional Aberto para o estímulo o pensamento lógico de crianças surdas}},
  author = {Resende, Júlio and Oliveira, Pedro and Silva, Lucas and Rocha, Leonardo and Albergaria, Elisa},
  year = 2019,
  journal = {Simp{\'o}sio Brasileiro de Inform{\'a}tica na Educa{\c{c}}{\~a}o (SBIE)},
  volume = 1,
  number = 1,
  pages = {892--901}
}
@article{BRA31,
  title = {{LibrAR: aplicativo de aprendizagem de libras usando realidade aumentada e realidade virtual em dispositivo móvel}},
  author = {Lopes, Mauricio and Silva, Luan and Reis, Dalton},
  year = 2018,
  journal = {Anais dos Workshops do Congresso Brasileiro de Informática na Educação (WCBIE)},
  volume = 1,
  number = 1,
  pages = 10
}
@article{BRA39,
  title = {{O jogo gestus como aplicação de primeiro contato com LIBRAS}},
  author = {Vale, Vinícius and Mesquita, Espedito and Ferreira, Rafaelly and Melo, José and Cintra, Sarah},
  year = 2018,
  journal = {Anais dos Workshops do Congresso Brasileiro de Informática na Educação (WCBIE)},
  volume = 1,
  number = 1,
  pages = 8
}
@article{BRA22,
  title = {{Framework CAP 1.0 para criação e uso de arquiteturas pedagógicas}},
  author = {Reinoso, Luiz and Amorim, Marcello and Tavares, Orivaldo and Almeida, Renan},
  year = 2017,
  journal = {Simp{\'o}sio Brasileiro de Inform{\'a}tica na Educa{\c{c}}{\~a}o (SBIE)},
  volume = 1,
  number = 1,
  pages = {384--393}
}
@article{BRA27,
  title = {{CAP-APL: plataforma para criação e uso de arquiteturas pedagógicas para aprendizagem de Português e Libras}},
  author = {Tavares, Orivaldo and Reinoso, Luiz and Almeida, Wanderson},
  year = 2017,
  journal = {Simp{\'o}sio Brasileiro de Inform{\'a}tica na Educa{\c{c}}{\~a}o (SBIE)},
  volume = 1,
  number = 1,
  pages = {466--475}
}
@article{BRA35,
  title = {{Uma plataforma para construção de arquiteturas pedagógicas para a aprendizagem de LIBRAS}},
  author = {Reinoso, Luiz and Almeida, Renan and Tavares, Orivaldo},
  year = 2016,
  journal = {Anais dos Workshops do Congresso Brasileiro de Informática na Educação (WCBIE)},
  volume = 1,
  number = 1,
  pages = 9
}
@article{BRA6,
  title = {{Avaliação de Tecnologias De Tradução Português-LIBRAS Visando o Uso no Ensino de Crianças Surdas}},
  author = {Colling, João Paulo and Boscarioli, Clodis},
  year = 2014,
  journal = {Revista Novas Tecnologias na Educação (RENOTE)},
  volume = 12,
  number = 2,
  pages = 10
}
@article{BRA7,
  title = {{Contribuições da Teoria da Aprendizagem Multimídia e da Usabilidade para aprendizagem de Libras e Língua Portuguesa por meio de aplicativos móveis}},
  author = {Compagnoni Vieira, Maristela and Corrêa, Ygor and Cheiran, Jean Felipe Patikowski and Santarosa, Lucila Maria Costi and Biasuz, Maria Cristina Villanova},
  year = 2014,
  journal = {Revista Novas Tecnologias na Educação (RENOTE)},
  volume = 12,
  number = 2,
  pages = 10
}
@article{BRA8,
  title = {{Aplicativos de Tradução Português-Libras na Educação Bilíngue: desafios frente à desambiguação}},
  author = {Corrêa, Ygor and Gomes, Rafael Peduzzi and Ribeiro, Vinicius Gadis},
  year = 2016,
  journal = {Revista Novas Tecnologias na Educação (RENOTE)},
  volume = 15,
  number = 2,
  pages = 11
}
@article{BRA10,
  title = {{Aplicativos de Tradução Português-Libras na Educação Bilíngue de Surdos: tradução por meio de sinais ou datilologia?}},
  author = {Corrêa, Ygor and Gomes, Rafael Peduzzi and Ribeiro, Vinicius Gadis},
  year = 2018,
  journal = {Revista Novas Tecnologias na Educação (RENOTE)},
  volume = 16,
  number = 1,
  pages = 12
}
@article{BRA11,
  title = {{Tecnologia Assistiva: a inserção de aplicativos de tradução na promoção de uma melhor comunicação entre surdos e ouvintes}},
  author = {Corrêa, Ygor and Vieira, Maristela Compagnoni and Santarosa, Lucila Maria Costi and Biasuz, Maria Cristina Villanova},
  year = 2014,
  journal = {Revista Novas Tecnologias na Educação (RENOTE)},
  volume = 12,
  number = 1,
  pages = 12
}
@article{BRA12,
  title = {{SalaBil: plataforma de ensino bilíngue}},
  author = {da Silva, Cristina Almeida and Franco, Márcia Häfele Islabão and Okuyama, Fábio Yoshimitsu},
  year = 2018,
  journal = {Revista Novas Tecnologias na Educação (RENOTE)},
  volume = 16,
  number = 2,
  pages = 10
}
@article{BRA16,
  title = {{Análise de tradução automática português-Libras no contexto do edital do Enem 2018}},
  author = {Bedana, Priscilla Roselaine Fregate and Freitas, Fernando de Almeida and Peres, Sarajane and Barbosa, Felipe Venâncio},
  year = 2019,
  journal = {Simp{\'o}sio Brasileiro de Inform{\'a}tica na Educa{\c{c}}{\~a}o (SBIE)},
  volume = 1,
  number = 1,
  pages = {1151--1160}
}
@article{BRA18,
  title = {{Aplicativos de tradução para Libras e a busca pela validade social da Tecnologia Assistiva}},
  author = {Corrêa, Ygor and Vieira, Maristela Compagnoni and Santarosa, Lucila Maria Costi and Biasuz, Maria Cristina Villanova},
  year = 2014,
  month = 11,
  journal = {Simp{\'o}sio Brasileiro de Inform{\'a}tica na Educa{\c{c}}{\~a}o (SBIE)},
  volume = 1,
  number = 1,
  pages = {164--173}
}
% Publicações como (co-)autor:
@article{FalvoJr2020_JUCS,
  title = {{Variability-based improvement of m-learning applications development}},
  author = {Venilton FalvoJr and Anderson da Silva Marcolino and Nemesio Freitas Duarte Filho and Edson OliveiraJr and Ellen Francine Barbosa},
  year = 2020,
  journal = {Journal of Universal Computer Science (J.UCS)},
  volume = {},
  number = {},
  pages = {1--25}
}
@inproceedings{FalvoJr2020_FIE,
  title = {{The Role of Technology to Teaching and Learning Sign Languages: A Systematic Mapping}},
  author = {FalvoJr, Venilton and Scatalon, Lilian Passos and Barbosa, Ellen Francine},
  year = 2020,
  month = oct,
  booktitle = {Proceedings of the 50th Annual Frontiers in Education Conference (FIE 2020)},
  address = {Uppsala, Sweden},
  pages = {1--10}
}
@inproceedings{FalvoJr2020_SBIE,
  title = {{Tecnologias Aplicadas ao Ensino e Aprendizagem de LIBRAS: Um Mapeamento Sistemático}},
  author = {FalvoJr, Venilton and Martins Falvo, Catherine Helen and Scatalon, Lilian Passos and Barbosa, Ellen Francine},
  year = 2020,
  month = nov,
  booktitle = {Anais do Simpósio Brasileiro de Informática na Educação (SBIE 2020)},
  address = {Natal, RS, Brasil},
  pages = {1--10}
}
@article{FalvoJr2020_RENOTE,
  title = {{Tecnologias Aplicadas ao Ensino e Aprendizagem com Línguas de Sinais: Um Mapeamento Sistemático Sob as Perspectivas Nacional e Internacional}},
  author = {FalvoJr, Venilton and Martins Falvo, Catherine Helen and Scatalon, Lilian Passos and Barbosa, Ellen Francine},
  year = 2020,
  journal = {Revista Novas Tecnologias na Educação (RENOTE)},
  volume = {},
  number = {},
  pages = {1--13}
}
@inproceedings{Oliveira2019_SBIE,
  title = {{Internet das Coisas aplicada {\`a} Educa{\c{c}}{\~a}o: Um Mapeamento Sistem{\'a}tico}},
  author = {Oliveira, Raul and FalvoJr, Venilton and Barbosa, Ellen Francine},
  year = 2019,
  booktitle = {Brazilian Symposium on Computers in Education (Simp{\'o}sio Brasileiro de Inform{\'a}tica na Educa{\c{c}}{\~a}o-SBIE)},
  volume = {30},
  address = {Brasília, DF, Brasil},
  pages = {499--508}
}
@inproceedings{Soad2017_FIE,
  title = {{ReqML-catalog: The road to a requirements catalog for mobile learning applications}},
  author = {G. W. Soad and M. L. Fioravanti and V. FalvoJr and A. Marcolino and N. F. Duarte Filho and E. F. Barbosa},
  year = 2017,
  month = oct,
  booktitle = {2017 IEEE Frontiers in Education Conference (FIE)},
  volume = {},
  number = {},
  address = {Indianapolis, IN, USA},
  pages = {1--9}
}
